% Encoding: UTF-8

@Book{finger-handbook,
  author    = {Maltoni, Davide and Maio, Dario and Jain, Anil K and Prabhakar, Salil},
  publisher = {{Springer}},
  title     = {Handbook of Fingerprint Recognition},
  year      = {2009},
  address   = {{London}},
  edition   = {2nd ed},
  isbn      = {978-1-84882-253-5 978-1-84882-254-2},
  annote    = {OCLC: ocn317254283},
  keywords  = {Finger},
  language  = {en},
  lccn      = {HV6074 .H25 2009},
}

@article{nimkarFingerprintSegmentationAlgorithms2014,
  title = {Fingerprint {{Segmentation Algorithms}}: {{A Literature Review}}},
  shorttitle = {Fingerprint {{Segmentation Algorithms}}},
  author = {Nimkar, Rohan and Mishra, Agya},
  year = {2014},
  month = jun,
  volume = {95},
  pages = {20--24},
  issn = {09758887},
  doi = {10.5120/16590-6301},
  journal = {International Journal of Computer Applications},
  keywords = {Finger},
  language = {en},
  number = {5}
}

@Misc{PlotNeuralNet,
  author       = {Haris Iqbal},
  howpublished = {Zenodo},
  month        = dec,
  title        = {{{HarisIqbal88}}/{{PlotNeuralNet}} v1.0.0},
  year         = {2018},
  annote       = {https://github.com/HarisIqbal88/PlotNeuralNet},
  doi          = {10.5281/zenodo.2526396},
}
@misc{imgaug,
  author = {Jung, Alexander B.
            and Wada, Kentaro
            and Crall, Jon
            and Tanaka, Satoshi
            and Graving, Jake
            and Reinders, Christoph
            and Yadav, Sarthak
            and Banerjee, Joy
            and Vecsei, Gábor
            and Kraft, Adam
            and Rui, Zheng
            and Borovec, Jirka
            and Vallentin, Christian
            and Zhydenko, Semen
            and Pfeiffer, Kilian
            and Cook, Ben
            and Fernández, Ismael
            and De Rainville, François-Michel
            and Weng, Chi-Hung
            and Ayala-Acevedo, Abner
            and Meudec, Raphael
            and Laporte, Matias
            and others},
  title = {{imgaug}},
  howpublished = {\url{https://github.com/aleju/imgaug}},
  year = {2020},
  note = {Online; accessed 01-Feb-2020}
}
@Article{labelme,
  author    = {Russell, Bryan C and Torralba, Antonio and Murphy, Kevin P and Freeman, William T},
  journal   = {International journal of computer vision},
  title     = {LabelMe: a database and web-based tool for image annotation},
  year      = {2008},
  number    = {1-3},
  pages     = {157--173},
  volume    = {77},
  publisher = {Springer},
}

@TechReport{NBIS,
  author   = {Watson, Craig I and Garris, Michael D and Tabassi, Elham and Wilson, Charles L and McCabe, R Michael and Janet, Stanley and Ko, Kenneth},
  title    = {User's Guide to {{NIST}} Biometric Image Software ({{NBIS}})},
  year     = {2007},
  address  = {{Gaithersburg, MD}},
  number   = {NIST IR 7392},
  doi      = {10.6028/NIST.IR.7392},
  edition  = {Zeroth},
  keywords = {Finger,Tool},
  language = {en},
  pages    = {NIST IR 7392},
  school   = {{National Institute of Standards and Technology}},
}

@book{caoFingerprintImageEnhancement2017,
  title = {Fingerprint Image Enhancement and Minutiae Extraction Algorithm},
  author = {Cao, Letian and Wang, Yazhou},
  year = {2017},
  keywords = {Enhancement,Finger},
  language = {eng}
}

@article{FVC2006,
  title = {Fingerprint Verification Competition 2006},
  author = {Cappelli, Raffaele and Ferrara, Matteo and Franco, Annalisa and Maltoni, Davide},
  year = {2007},
  volume = {15},
  pages = {7--9},
  publisher = {{Elsevier}},
  journal = {Biometric Technology Today},
  number = {7-8}
}

@Comment{jabref-meta: databaseType:bibtex;}
