% Encoding: UTF-8
@article{CaoTPAMI2018,
  title={Automated latent fingerprint recognition},
  author={Cao, Kai and Jain, Anil K},
  journal={IEEE transactions on pattern analysis and machine intelligence},
  volume={41},
  number={4},
  pages={788--800},
  year={2018},
  publisher={IEEE}
}


@article{CappelliTPAMI2010mcc,
  title={Minutia cylinder-code: A new representation and matching technique for fingerprint recognition},
  author={Cappelli, Raffaele and Ferrara, Matteo and Maltoni, Davide},
  journal={IEEE transactions on pattern analysis and machine intelligence},
  volume={32},
  number={12},
  pages={2128--2141},
  year={2010},
  publisher={IEEE}
}


@inproceedings{ChikkerurICB2006,
  title={K-plet and coupled BFS: a graph based fingerprint representation and matching algorithm},
  author={Chikkerur, Sharat and Cartwright, Alexander N and Govindaraju, Venu},
  booktitle={International Conference on Biometrics},
  pages={309--315},
  year={2006},
  organization={Springer}
}


@article{CuturiNIPS2013sinkhorn,
  title={Sinkhorn distances: Lightspeed computation of optimal transport},
  author={Cuturi, Marco},
  journal={Advances in neural information processing systems},
  volume={26},
  pages={2292--2300},
  year={2013}
}


@article{EngelsmaTPAMI2019,
  title={Learning a fixed-length fingerprint representation},
  author={Engelsma, Joshua James and Cao, Kai and Jain, Anil K},
  journal={IEEE Transactions on Pattern Analysis and Machine Intelligence},
  year={2019},
  publisher={IEEE}
}


@inproceedings{FeyCVPR2018splinecnn,
  title={{SplineCNN}: Fast Geometric Deep Learning with Continuous {B}-Spline Kernels},
  author={Fey, Matthias and Lenssen, Jan Eric and Weichert, Frank and M{\"u}ller, Heinrich},
  booktitle={Proceedings of the IEEE Conference on Computer Vision and Pattern Recognition},
  pages={869--877},
  year={2018}
}


@inproceedings{FeyICLR2020DGMC,
  title={Deep Graph Matching Consensus},
  author={Fey, M. and Lenssen, J. E. and Morris, C. and Masci, J. and Kriege, N. M.},
  booktitle={International Conference on Learning Representations (ICLR)},
  year={2020},
}


@inproceedings{HeCVPR2016ResNet,
  title={Deep residual learning for image recognition},
  author={He, Kaiming and Zhang, Xiangyu and Ren, Shaoqing and Sun, Jian},
  booktitle={Proceedings of the IEEE conference on computer vision and pattern recognition},
  pages={770--778},
  year={2016}
}


@article{HrechakPR1990,
  title={Automated fingerprint recognition using structural matching},
  author={Hrechak, Andrew K and McHugh, James A},
  journal={Pattern Recognition},
  volume={23},
  number={8},
  pages={893--904},
  year={1990},
  publisher={Elsevier}
}


@inproceedings{JiangICPR2000,
  title={Fingerprint minutiae matching based on the local and global structures},
  author={Jiang, Xudong and Yau, Wei-Yun},
  booktitle={Proceedings 15th international conference on pattern recognition. ICPR-2000},
  volume={2},
  pages={1038--1041},
  year={2000},
  organization={IEEE}
}


@article{KovacsTPAMI2000,
  title={A fingerprint verification system based on triangular matching and dynamic time warping},
  author={Kovacs-Vajna, Zsolt Miklos},
  journal={IEEE Transactions on Pattern Analysis and Machine Intelligence},
  volume={22},
  number={11},
  pages={1266--1276},
  year={2000},
  publisher={IEEE}
}


@inproceedings{KipfICLR2017,
  title={Semi-Supervised Classification with Graph Convolutional Networks},
  author={Kipf, Thomas N. and Welling, Max},
  booktitle={International Conference on Learning Representations (ICLR)},
  year={2017}
}


@article{LecunIEEE1998,
  title={Gradient-based learning applied to document recognition},
  author={LeCun, Yann and Bottou, L{\'e}on and Bengio, Yoshua and Haffner, Patrick},
  journal={Proceedings of the IEEE},
  volume={86},
  number={11},
  pages={2278--2324},
  year={1998},
  publisher={Ieee}
}


@inproceedings{LiICML2019,
  title={Graph matching networks for learning the similarity of graph structured objects},
  author={Li, Yujia and Gu, Chenjie and Dullien, Thomas and Vinyals, Oriol and Kohli, Pushmeet},
  booktitle={International Conference on Machine Learning},
  pages={3835--3845},
  year={2019},
  organization={PMLR}
}


@article{LinPR2018,
  title={Contactless and partial 3D fingerprint recognition using multi-view deep representation},
  author={Lin, Chenhao and Kumar, Ajay},
  journal={Pattern Recognition},
  volume={83},
  pages={314--327},
  year={2018},
  publisher={Elsevier}
}


@article{LinTIFS2018,
  title={A CNN-based framework for comparison of contactless to contact-based fingerprints},
  author={Lin, Chenhao and Kumar, Ajay},
  journal={IEEE Transactions on Information Forensics and Security},
  volume={14},
  number={3},
  pages={662--676},
  year={2018},
  publisher={IEEE}
}


@Book{Maltoni2009,
  author    = {Maltoni, Davide and Maio, Dario and Jain, Anil K and Prabhakar, Salil},
  publisher = {{Springer}},
  title     = {Handbook of Fingerprint Recognition},
  year      = {2009},
  address   = {{London}},
  edition   = {2nd ed},
  isbn      = {978-1-84882-253-5 978-1-84882-254-2},
  annote    = {OCLC: ocn317254283},
  keywords  = {Finger},
  language  = {en},
  lccn      = {HV6074 .H25 2009},
}


@inproceedings{NguyenICB2018,
  title={Robust minutiae extractor: Integrating deep networks and fingerprint domain knowledge},
  author={Nguyen, Dinh-Luan and Cao, Kai and Jain, Anil K},
  booktitle={2018 International Conference on Biometrics (ICB)},
  pages={9--16},
  year={2018},
  organization={IEEE}
}


@inproceedings{SarlinCVPR2020superglue,
  title={Superglue: Learning feature matching with graph neural networks},
  author={Sarlin, Paul-Edouard and DeTone, Daniel and Malisiewicz, Tomasz and Rabinovich, Andrew},
  booktitle={Proceedings of the IEEE Conference on Computer Vision and Pattern Recognition},
  pages={4938--4947},
  year={2020}
}


@inproceedings{SchroffCVPR2015facenet,
  title={Facenet: A unified embedding for face recognition and clustering},
  author={Schroff, Florian and Kalenichenko, Dmitry and Philbin, James},
  booktitle={Proceedings of the IEEE conference on computer vision and pattern recognition},
  pages={815--823},
  year={2015}
}


@article{Simonyan2014VGG,
  title={Very deep convolutional networks for large-scale image recognition},
  author={Simonyan, Karen and Zisserman, Andrew},
  journal={arXiv preprint arXiv:1409.1556},
  year={2014}
}


@inproceedings{SzegedyCVPR2015InceptionV1,
  title={Going deeper with convolutions},
  author={Szegedy, Christian and Liu, Wei and Jia, Yangqing and Sermanet, Pierre and Reed, Scott and Anguelov, Dragomir and Erhan, Dumitru and Vanhoucke, Vincent and Rabinovich, Andrew},
  booktitle={Proceedings of the IEEE conference on computer vision and pattern recognition},
  pages={1--9},
  year={2015}
}


@inproceedings{TangIJCB2017,
  title={FingerNet: An unified deep network for fingerprint minutiae extraction},
  author={Tang, Yao and Gao, Fei and Feng, Jufu and Liu, Yuhang},
  booktitle={2017 IEEE International Joint Conference on Biometrics (IJCB)},
  pages={108--116},
  year={2017},
  organization={IEEE}
}


@article{WuTNNLS2020,
  title={A comprehensive survey on graph neural networks},
  author={Wu, Zonghan and Pan, Shirui and Chen, Fengwen and Long, Guodong and Zhang, Chengqi and Philip, S Yu},
  journal={IEEE transactions on neural networks and learning systems},
  year={2020},
  publisher={IEEE}
}


@inproceedings{XuICLR2019GIN,
  title={How Powerful are Graph Neural Networks?},
  author={Xu, Keyulu and Hu, Weihua and Leskovec, Jure and Jegelka, Stefanie},
  booktitle={International Conference on Learning Representations},
  year={2019}
}


@inproceedings{ZanfirCVPR2018,
  title={Deep learning of graph matching},
  author={Zanfir, Andrei and Sminchisescu, Cristian},
  booktitle={Proceedings of the IEEE conference on computer vision and pattern recognition},
  pages={2684--2693},
  year={2018}
}


@inproceedings{ZhaoICCV2017,
  title={Towards more accurate iris recognition using deeply learned spatially corresponding features},
  author={Zhao, Zijing and Kumar, Ajay},
  booktitle={Proceedings of the IEEE International Conference on Computer Vision},
  pages={3809--3818},
  year={2017}
}


@article{ZhouAI2020,
  title={Graph neural networks: A review of methods and applications},
  author={Zhou, Jie and Cui, Ganqu and Hu, Shengding and Zhang, Zhengyan and Yang, Cheng and Liu, Zhiyuan and Wang, Lifeng and Li, Changcheng and Sun, Maosong},
  journal={AI Open},
  volume={1},
  pages={57--81},
  year={2020},
  publisher={Elsevier}
}
@Book{finger-handbook,
  author    = {Maltoni, Davide and Maio, Dario and Jain, Anil K and Prabhakar, Salil},
  publisher = {{Springer}},
  title     = {Handbook of Fingerprint Recognition},
  year      = {2009},
  address   = {{London}},
  edition   = {2nd ed},
  isbn      = {978-1-84882-253-5 978-1-84882-254-2},
  annote    = {OCLC: ocn317254283},
  keywords  = {Finger},
  language  = {en},
  lccn      = {HV6074 .H25 2009},
}

@article{nimkarFingerprintSegmentationAlgorithms2014,
  title = {Fingerprint {{Segmentation Algorithms}}: {{A Literature Review}}},
  shorttitle = {Fingerprint {{Segmentation Algorithms}}},
  author = {Nimkar, Rohan and Mishra, Agya},
  year = {2014},
  month = jun,
  volume = {95},
  pages = {20--24},
  issn = {09758887},
  doi = {10.5120/16590-6301},
  journal = {International Journal of Computer Applications},
  keywords = {Finger},
  language = {en},
  number = {5}
}

@Misc{PlotNeuralNet,
  author       = {Haris Iqbal},
  howpublished = {Zenodo},
  month        = dec,
  title        = {{{HarisIqbal88}}/{{PlotNeuralNet}} v1.0.0},
  year         = {2018},
  annote       = {https://github.com/HarisIqbal88/PlotNeuralNet},
  doi          = {10.5281/zenodo.2526396},
}


@misc{imgaug,
  author = {Jung, Alexander B.
            and Wada, Kentaro
            and Crall, Jon
            and Tanaka, Satoshi
            and Graving, Jake
            and Reinders, Christoph
            and Yadav, Sarthak
            and Banerjee, Joy
            and Vecsei, Gábor
            and Kraft, Adam
            and Rui, Zheng
            and Borovec, Jirka
            and Vallentin, Christian
            and Zhydenko, Semen
            and Pfeiffer, Kilian
            and Cook, Ben
            and Fernández, Ismael
            and De Rainville, François-Michel
            and Weng, Chi-Hung
            and Ayala-Acevedo, Abner
            and Meudec, Raphael
            and Laporte, Matias
            and others},
  title = {{imgaug}},
  howpublished = {\url{https://github.com/aleju/imgaug}},
  year = {2020},
  note = {Online; accessed 01-Feb-2020}
}


@Article{labelme,
  author    = {Russell, Bryan C and Torralba, Antonio and Murphy, Kevin P and Freeman, William T},
  journal   = {International journal of computer vision},
  title     = {LabelMe: a database and web-based tool for image annotation},
  year      = {2008},
  number    = {1-3},
  pages     = {157--173},
  volume    = {77},
  publisher = {Springer},
}


@TechReport{NBIS,
  author   = {Watson, Craig I and Garris, Michael D and Tabassi, Elham and Wilson, Charles L and McCabe, R Michael and Janet, Stanley and Ko, Kenneth},
  title    = {User's Guide to {{NIST}} Biometric Image Software ({{NBIS}})},
  year     = {2007},
  address  = {{Gaithersburg, MD}},
  number   = {NIST IR 7392},
  doi      = {10.6028/NIST.IR.7392},
  edition  = {Zeroth},
  keywords = {Finger,Tool},
  language = {en},
  pages    = {NIST IR 7392},
  school   = {{National Institute of Standards and Technology}},
}


@book{caoFingerprintImageEnhancement2017,
  title = {Fingerprint Image Enhancement and Minutiae Extraction Algorithm},
  author = {Cao, Letian and Wang, Yazhou},
  year = {2017},
  keywords = {Enhancement,Finger},
  language = {eng}
}


@article{FVC2006,
  title = {Fingerprint Verification Competition 2006},
  author = {Cappelli, Raffaele and Ferrara, Matteo and Franco, Annalisa and Maltoni, Davide},
  year = {2007},
  volume = {15},
  pages = {7--9},
  publisher = {{Elsevier}},
  journal = {Biometric Technology Today},
  number = {7-8}
}

@inproceedings{AccurateMultiPerson2017,
  title = {Towards {{Accurate Multi}}-{{Person Pose Estimation}} in the {{Wild}}},
  booktitle = {{{CVPR}}},
  author = {Papandreou, George and Zhu, Tyler and Kanazawa, Nori and Toshev, Alexander and Tompson, Jonathan and Bregler, Chris and Murphy, Kevin},
  year = {2017},
  pages = {4903--4911},
  keywords = {Deep Learning,Pose Estimation}
}

@inproceedings{FCN,
  title = {Fully {{Convolutional Networks}} for {{Semantic Segmentation}}},
  booktitle = {{{CVPR}}},
  author = {Long, Jonathan and Shelhamer, Evan and Darrell, Trevor},
  year = {2015},
  pages = {3431--3440},
  keywords = {Awesome,Segmentation,Valuable}
}

@article{DeepLab-v3,
  title = {Rethinking {{Atrous Convolution}} for {{Semantic Image Segmentation}}},
  author = {Chen, Liang-Chieh and Papandreou, George and Schroff, Florian and Adam, Hartwig},
  year = {2017},
  month = dec,
  archiveprefix = {arXiv},
  eprint = {1706.05587},
  eprinttype = {arxiv},
  journal = {arXiv:1706.05587 [cs]},
  keywords = {Computer Science - Computer Vision and Pattern Recognition},
  primaryclass = {cs}
}

@inproceedings{unet,
  title = {U-{{Net}}: {{Convolutional Networks}} for {{Biomedical Image Segmentation}}},
  shorttitle = {U-{{Net}}},
  booktitle = {Medical {{Image Computing}} and {{Computer}}-{{Assisted Intervention}} \textendash{} {{MICCAI}} 2015},
  author = {Ronneberger, Olaf and Fischer, Philipp and Brox, Thomas},
  editor = {Navab, Nassir and Hornegger, Joachim and Wells, William M. and Frangi, Alejandro F.},
  year = {2015},
  pages = {234--241},
  publisher = {{Springer International Publishing}},
  isbn = {978-3-319-24574-4},
  keywords = {Awesome},
  language = {en},
  series = {Lecture {{Notes}} in {{Computer Science}}}
}

@InProceedings{linknet,
  author       = {Chaurasia, Abhishek and Culurciello, Eugenio},
  booktitle    = {2017 IEEE Visual Communications and Image Processing (VCIP)},
  title        = {Linknet: Exploiting encoder representations for efficient semantic segmentation},
  year         = {2017},
  organization = {IEEE},
  pages        = {1--4},
}

@inproceedings{darlowFingerprintMinutiaeExtraction2017a,
  title = {Fingerprint Minutiae Extraction Using Deep Learning},
  booktitle = {{{IJCB}}},
  author = {Darlow, Luke Nicholas and Rosman, Benjamin},
  year = {2017},
  month = oct,
  pages = {22--30},
  issn = {2474-9699},
  doi = {10.1109/BTAS.2017.8272678},
  keywords = {Deep Learning,Finger,Minutiae Detect}
}

@article{NIST302,
  title = {{{NIST}} Special Database 302: {{Nail}} to Nail Fingerprint Challenge},
  author = {Fiumara, Gregory and Flanagan, Patricia and Grantham, John and Ko, Kenneth and Marshall, Karen and Schwarz, Matthew and Tabassi, Elham and Woodgate, Bryan and Boehnen, Christopher},
  year = {2019},
  publisher = {{Technical Note (NIST TN), National Institute of Standards and Technology, Gaithersburg, MD}},
  doi = {10.6028/NIST.TN.2007},
  keywords = {Dataset},
  language = {English}
}

@misc{CASIAFingerprintV5,
  title = {{{CASIA}}-{{FingerprintV5}}},
  howpublished = {http://biometrics.idealtest.org/dbDetailForUser.do?id=7}
}

@Comment{jabref-meta: databaseType:bibtex;}
